%YAML 1.1
%TAG !u! tag:unity3d.com,2011:
--- !u!29 &1
SceneSettings:
  m_ObjectHideFlags: 0
  m_PVSData: 
  m_PVSObjectsArray: []
  m_PVSPortalsArray: []
  m_OcclusionBakeSettings:
    smallestOccluder: 5
    smallestHole: .25
    backfaceThreshold: 100
--- !u!104 &2
RenderSettings:
  m_ObjectHideFlags: 0
  serializedVersion: 6
  m_Fog: 1
  m_FogColor: {r: .5, g: .5, b: .5, a: 1}
  m_FogMode: 1
  m_FogDensity: 9.99999997e-07
  m_LinearFogStart: 0
  m_LinearFogEnd: 1000
  m_AmbientSkyColor: {r: .200000003, g: .200000003, b: .200000003, a: 1}
  m_AmbientEquatorColor: {r: .200000003, g: .200000003, b: .200000003, a: 1}
  m_AmbientGroundColor: {r: .200000003, g: .200000003, b: .200000003, a: 1}
  m_AmbientIntensity: 1
  m_AmbientMode: 3
  m_SkyboxMaterial: {fileID: 2100000, guid: 0f099cbb745748b42828acbf39a5f822, type: 2}
  m_HaloStrength: .5
  m_FlareStrength: 1
  m_FlareFadeSpeed: 3
  m_HaloTexture: {fileID: 0}
  m_SpotCookie: {fileID: 10001, guid: 0000000000000000e000000000000000, type: 0}
  m_DefaultReflectionMode: 0
  m_DefaultReflectionResolution: 128
  m_ReflectionBounces: 1
  m_ReflectionIntensity: 1
  m_CustomReflection: {fileID: 0}
  m_Sun: {fileID: 0}
--- !u!127 &3
LevelGameManager:
  m_ObjectHideFlags: 0
--- !u!157 &4
LightmapSettings:
  m_ObjectHideFlags: 0
  serializedVersion: 5
  m_GIWorkflowMode: 1
  m_LightmapsMode: 1
  m_GISettings:
    serializedVersion: 2
    m_BounceScale: 1
    m_IndirectOutputScale: 1
    m_AlbedoBoost: 1
    m_TemporalCoherenceThreshold: 1
    m_EnvironmentLightingMode: 0
    m_EnableBakedLightmaps: 1
    m_EnableRealtimeLightmaps: 0
  m_LightmapEditorSettings:
    serializedVersion: 3
    m_Resolution: 1
    m_BakeResolution: 50
    m_TextureWidth: 1024
    m_TextureHeight: 1024
    m_AOMaxDistance: 1
    m_Padding: 2
    m_CompAOExponent: 0
    m_LightmapParameters: {fileID: 0}
    m_TextureCompression: 0
    m_FinalGather: 0
    m_FinalGatherRayCount: 1024
  m_LightmapSnapshot: {fileID: 0}
  m_RuntimeCPUUsage: 25
--- !u!196 &5
NavMeshSettings:
  serializedVersion: 2
  m_ObjectHideFlags: 0
  m_BuildSettings:
    serializedVersion: 2
    agentRadius: .5
    agentHeight: 2
    agentSlope: 45
    agentClimb: .400000006
    ledgeDropHeight: 0
    maxJumpAcrossDistance: 0
    accuratePlacement: 0
    minRegionArea: 2
    cellSize: .166666657
    manualCellSize: 0
  m_NavMeshData: {fileID: 0}
--- !u!1 &163162506
GameObject:
  m_ObjectHideFlags: 0
  m_PrefabParentObject: {fileID: 100004, guid: f1a4537b665c6844d95feb305cccce7d, type: 2}
  m_PrefabInternal: {fileID: 316982167}
  serializedVersion: 4
  m_Component:
  - 4: {fileID: 163162507}
  m_Layer: 0
  m_Name: TopBackwardConnectorType
  m_TagString: Untagged
  m_Icon: {fileID: 0}
  m_NavMeshLayer: 0
  m_StaticEditorFlags: 0
  m_IsActive: 1
--- !u!4 &163162507
Transform:
  m_ObjectHideFlags: 0
  m_PrefabParentObject: {fileID: 400004, guid: f1a4537b665c6844d95feb305cccce7d, type: 2}
  m_PrefabInternal: {fileID: 316982167}
  m_GameObject: {fileID: 163162506}
  m_LocalRotation: {x: -.134435982, y: 6.34580601e-08, z: -3.49627993e-10, w: .990922272}
  m_LocalPosition: {x: -0, y: .598019183, z: 0}
  m_LocalScale: {x: 1, y: .99999994, z: 1}
  m_Children: []
  m_Father: {fileID: 965893742}
  m_RootOrder: 0
--- !u!1 &185408774
GameObject:
  m_ObjectHideFlags: 0
  m_PrefabParentObject: {fileID: 100000, guid: b99f01e96f1ab6a439d405bfcb18cc4e, type: 2}
  m_PrefabInternal: {fileID: 2086961651}
  serializedVersion: 4
  m_Component:
  - 4: {fileID: 185408777}
  - 132: {fileID: 185408776}
  - 114: {fileID: 185408775}
  m_Layer: 0
  m_Name: ScoreText
  m_TagString: Untagged
  m_Icon: {fileID: 0}
  m_NavMeshLayer: 0
  m_StaticEditorFlags: 0
  m_IsActive: 1
--- !u!114 &185408775
MonoBehaviour:
  m_ObjectHideFlags: 0
  m_PrefabParentObject: {fileID: 11400000, guid: b99f01e96f1ab6a439d405bfcb18cc4e,
    type: 2}
  m_PrefabInternal: {fileID: 2086961651}
  m_GameObject: {fileID: 185408774}
  m_Enabled: 0
  m_EditorHideFlags: 0
  m_Script: {fileID: 11500000, guid: 269eaa2c710287347be7077d1880e92f, type: 3}
  m_Name: 
  m_EditorClassIdentifier: 
--- !u!132 &185408776
GUIText:
  m_ObjectHideFlags: 0
  m_PrefabParentObject: {fileID: 13200000, guid: b99f01e96f1ab6a439d405bfcb18cc4e,
    type: 2}
  m_PrefabInternal: {fileID: 2086961651}
  m_GameObject: {fileID: 185408774}
  m_Enabled: 0
  serializedVersion: 3
  m_Text: 0 Spacepoints!
  m_Anchor: 8
  m_Alignment: 2
  m_PixelOffset: {x: 0, y: 0}
  m_LineSpacing: 1
  m_TabSize: 4
  m_Font: {fileID: 10102, guid: 0000000000000000e000000000000000, type: 0}
  m_Material: {fileID: 0}
  m_FontSize: 20
  m_FontStyle: 1
  m_Color:
    serializedVersion: 2
    rgba: 4294967295
  m_PixelCorrect: 1
  m_RichText: 0
--- !u!4 &185408777
Transform:
  m_ObjectHideFlags: 0
  m_PrefabParentObject: {fileID: 400000, guid: b99f01e96f1ab6a439d405bfcb18cc4e, type: 2}
  m_PrefabInternal: {fileID: 2086961651}
  m_GameObject: {fileID: 185408774}
  m_LocalRotation: {x: 0, y: 0, z: 0, w: 1}
  m_LocalPosition: {x: .949999988, y: .0500000119, z: -11.6809158}
  m_LocalScale: {x: 1, y: 1, z: 1}
  m_Children: []
  m_Father: {fileID: 0}
  m_RootOrder: 2
--- !u!1 &239170681
GameObject:
  m_ObjectHideFlags: 0
  m_PrefabParentObject: {fileID: 0}
  m_PrefabInternal: {fileID: 0}
  serializedVersion: 4
  m_Component:
  - 4: {fileID: 239170683}
  - 108: {fileID: 239170682}
  m_Layer: 0
  m_Name: Directional light
  m_TagString: Untagged
  m_Icon: {fileID: 0}
  m_NavMeshLayer: 0
  m_StaticEditorFlags: 0
  m_IsActive: 1
--- !u!108 &239170682
Light:
  m_ObjectHideFlags: 0
  m_PrefabParentObject: {fileID: 0}
  m_PrefabInternal: {fileID: 0}
  m_GameObject: {fileID: 239170681}
  m_Enabled: 1
  serializedVersion: 6
  m_Type: 1
  m_Color: {r: 1, g: 1, b: 1, a: 1}
  m_Intensity: 1.36000001
  m_Range: 10
  m_SpotAngle: 30
  m_CookieSize: 10
  m_Shadows:
    m_Type: 2
    m_Resolution: 3
    m_Strength: 1
    m_Bias: .140000001
    m_NormalBias: .400000006
  m_Cookie: {fileID: 0}
  m_DrawHalo: 0
  m_Flare: {fileID: 0}
  m_RenderMode: 0
  m_CullingMask:
    serializedVersion: 2
    m_Bits: 4294967295
  m_Lightmapping: 1
  m_BounceIntensity: 1
  m_ShadowRadius: 0
  m_ShadowAngle: 0
  m_AreaSize: {x: 1, y: 1}
--- !u!4 &239170683
Transform:
  m_ObjectHideFlags: 0
  m_PrefabParentObject: {fileID: 0}
  m_PrefabInternal: {fileID: 0}
  m_GameObject: {fileID: 239170681}
  m_LocalRotation: {x: .408217937, y: -.234569728, z: .109381661, w: .875426114}
  m_LocalPosition: {x: 41.4681396, y: 14.6297541, z: -10.5643501}
  m_LocalScale: {x: 1, y: 1, z: 1}
  m_Children: []
  m_Father: {fileID: 0}
  m_RootOrder: 5
--- !u!1001 &316982167
Prefab:
  m_ObjectHideFlags: 0
  serializedVersion: 2
  m_Modification:
    m_TransformParent: {fileID: 0}
    m_Modifications:
    - target: {fileID: 400000, guid: f1a4537b665c6844d95feb305cccce7d, type: 2}
      propertyPath: m_LocalPosition.x
      value: 1.95000005
      objectReference: {fileID: 0}
    - target: {fileID: 400000, guid: f1a4537b665c6844d95feb305cccce7d, type: 2}
      propertyPath: m_LocalPosition.y
      value: 2.4000001
      objectReference: {fileID: 0}
    - target: {fileID: 400000, guid: f1a4537b665c6844d95feb305cccce7d, type: 2}
      propertyPath: m_LocalPosition.z
      value: 3.07999992
      objectReference: {fileID: 0}
    - target: {fileID: 400000, guid: f1a4537b665c6844d95feb305cccce7d, type: 2}
      propertyPath: m_LocalRotation.x
      value: 0
      objectReference: {fileID: 0}
    - target: {fileID: 400000, guid: f1a4537b665c6844d95feb305cccce7d, type: 2}
      propertyPath: m_LocalRotation.y
      value: -0
      objectReference: {fileID: 0}
    - target: {fileID: 400000, guid: f1a4537b665c6844d95feb305cccce7d, type: 2}
      propertyPath: m_LocalRotation.z
      value: -0
      objectReference: {fileID: 0}
    - target: {fileID: 400000, guid: f1a4537b665c6844d95feb305cccce7d, type: 2}
      propertyPath: m_LocalRotation.w
      value: 1
      objectReference: {fileID: 0}
    - target: {fileID: 400000, guid: f1a4537b665c6844d95feb305cccce7d, type: 2}
      propertyPath: m_RootOrder
      value: 8
      objectReference: {fileID: 0}
    - target: {fileID: 11400008, guid: f1a4537b665c6844d95feb305cccce7d, type: 2}
      propertyPath: moveSpeed
      value: 12
      objectReference: {fileID: 0}
    - target: {fileID: 11400008, guid: f1a4537b665c6844d95feb305cccce7d, type: 2}
      propertyPath: accelerationSpeed
      value: 20
      objectReference: {fileID: 0}
    - target: {fileID: 6400000, guid: f1a4537b665c6844d95feb305cccce7d, type: 2}
      propertyPath: m_Convex
      value: 1
      objectReference: {fileID: 0}
    - target: {fileID: 5400000, guid: f1a4537b665c6844d95feb305cccce7d, type: 2}
      propertyPath: m_IsKinematic
      value: 0
      objectReference: {fileID: 0}
    - target: {fileID: 5400000, guid: f1a4537b665c6844d95feb305cccce7d, type: 2}
      propertyPath: m_Interpolate
      value: 1
      objectReference: {fileID: 0}
    - target: {fileID: 5400000, guid: f1a4537b665c6844d95feb305cccce7d, type: 2}
      propertyPath: m_Constraints
      value: 112
      objectReference: {fileID: 0}
    - target: {fileID: 11400002, guid: f1a4537b665c6844d95feb305cccce7d, type: 2}
      propertyPath: offsetDistance
      value: 2.5
      objectReference: {fileID: 0}
    m_RemovedComponents: []
  m_ParentPrefab: {fileID: 100100000, guid: f1a4537b665c6844d95feb305cccce7d, type: 2}
  m_RootGameObject: {fileID: 1337720852}
  m_IsPrefabParent: 0
--- !u!1001 &367480556
Prefab:
  m_ObjectHideFlags: 0
  serializedVersion: 2
  m_Modification:
    m_TransformParent: {fileID: 0}
    m_Modifications:
    - target: {fileID: 400000, guid: af43a6f15dd416d41affd01d760fe787, type: 2}
      propertyPath: m_LocalPosition.x
      value: 0
      objectReference: {fileID: 0}
    - target: {fileID: 400000, guid: af43a6f15dd416d41affd01d760fe787, type: 2}
      propertyPath: m_LocalPosition.y
      value: 0
      objectReference: {fileID: 0}
    - target: {fileID: 400000, guid: af43a6f15dd416d41affd01d760fe787, type: 2}
      propertyPath: m_LocalPosition.z
      value: 0
      objectReference: {fileID: 0}
    - target: {fileID: 400000, guid: af43a6f15dd416d41affd01d760fe787, type: 2}
      propertyPath: m_LocalRotation.x
      value: 0
      objectReference: {fileID: 0}
    - target: {fileID: 400000, guid: af43a6f15dd416d41affd01d760fe787, type: 2}
      propertyPath: m_LocalRotation.y
      value: 0
      objectReference: {fileID: 0}
    - target: {fileID: 400000, guid: af43a6f15dd416d41affd01d760fe787, type: 2}
      propertyPath: m_LocalRotation.z
      value: 0
      objectReference: {fileID: 0}
    - target: {fileID: 400000, guid: af43a6f15dd416d41affd01d760fe787, type: 2}
      propertyPath: m_LocalRotation.w
      value: 1
      objectReference: {fileID: 0}
    - target: {fileID: 11400000, guid: af43a6f15dd416d41affd01d760fe787, type: 2}
      propertyPath: buildingPrefab
      value: 
      objectReference: {fileID: 100002, guid: 44b5455811cfe0f4c8fb94539e866c3a, type: 2}
    - target: {fileID: 11400000, guid: af43a6f15dd416d41affd01d760fe787, type: 2}
      propertyPath: deviation
      value: .300000012
      objectReference: {fileID: 0}
    - target: {fileID: 11400000, guid: af43a6f15dd416d41affd01d760fe787, type: 2}
      propertyPath: cityWidth
      value: 150
      objectReference: {fileID: 0}
    - target: {fileID: 11400000, guid: af43a6f15dd416d41affd01d760fe787, type: 2}
      propertyPath: blockWidth
      value: 15
      objectReference: {fileID: 0}
    - target: {fileID: 11400000, guid: af43a6f15dd416d41affd01d760fe787, type: 2}
      propertyPath: blockHeight
      value: 60
      objectReference: {fileID: 0}
    - target: {fileID: 11400000, guid: af43a6f15dd416d41affd01d760fe787, type: 2}
      propertyPath: streetWidth
      value: 30
      objectReference: {fileID: 0}
    - target: {fileID: 11400000, guid: af43a6f15dd416d41affd01d760fe787, type: 2}
      propertyPath: alleyWidth
      value: 50
      objectReference: {fileID: 0}
    - target: {fileID: 100000, guid: af43a6f15dd416d41affd01d760fe787, type: 2}
      propertyPath: m_TagString
      value: Obstacle
      objectReference: {fileID: 0}
    - target: {fileID: 11400000, guid: af43a6f15dd416d41affd01d760fe787, type: 2}
      propertyPath: maxBuildings
      value: 1000
      objectReference: {fileID: 0}
    - target: {fileID: 11400000, guid: af43a6f15dd416d41affd01d760fe787, type: 2}
      propertyPath: alleyDeviation
      value: .899999976
      objectReference: {fileID: 0}
    - target: {fileID: 400000, guid: af43a6f15dd416d41affd01d760fe787, type: 2}
      propertyPath: m_RootOrder
      value: 4
      objectReference: {fileID: 0}
    m_RemovedComponents: []
  m_ParentPrefab: {fileID: 100100000, guid: af43a6f15dd416d41affd01d760fe787, type: 2}
  m_RootGameObject: {fileID: 395107297}
  m_IsPrefabParent: 0
--- !u!1 &373510898
GameObject:
  m_ObjectHideFlags: 0
  m_PrefabParentObject: {fileID: 100016, guid: f1a4537b665c6844d95feb305cccce7d, type: 2}
  m_PrefabInternal: {fileID: 316982167}
  serializedVersion: 4
  m_Component:
  - 4: {fileID: 373510899}
  m_Layer: 0
  m_Name: MainCenter
  m_TagString: Untagged
  m_Icon: {fileID: 0}
  m_NavMeshLayer: 0
  m_StaticEditorFlags: 0
  m_IsActive: 1
--- !u!4 &373510899
Transform:
  m_ObjectHideFlags: 0
  m_PrefabParentObject: {fileID: 400024, guid: f1a4537b665c6844d95feb305cccce7d, type: 2}
  m_PrefabInternal: {fileID: 316982167}
  m_GameObject: {fileID: 373510898}
  m_LocalRotation: {x: .707106829, y: 0, z: -0, w: .707106829}
  m_LocalPosition: {x: -0, y: 0, z: 0}
  m_LocalScale: {x: 1, y: 1, z: 1}
  m_Children:
  - {fileID: 1042192850}
  m_Father: {fileID: 1361160204}
  m_RootOrder: 2
--- !u!1 &395107297
GameObject:
  m_ObjectHideFlags: 0
  m_PrefabParentObject: {fileID: 100000, guid: af43a6f15dd416d41affd01d760fe787, type: 2}
  m_PrefabInternal: {fileID: 367480556}
  serializedVersion: 4
  m_Component:
  - 4: {fileID: 395107299}
  - 114: {fileID: 395107298}
  m_Layer: 0
  m_Name: CityBuilder
  m_TagString: Obstacle
  m_Icon: {fileID: 0}
  m_NavMeshLayer: 0
  m_StaticEditorFlags: 0
  m_IsActive: 1
--- !u!114 &395107298
MonoBehaviour:
  m_ObjectHideFlags: 0
  m_PrefabParentObject: {fileID: 11400000, guid: af43a6f15dd416d41affd01d760fe787,
    type: 2}
  m_PrefabInternal: {fileID: 367480556}
  m_GameObject: {fileID: 395107297}
  m_Enabled: 1
  m_EditorHideFlags: 0
  m_Script: {fileID: 11500000, guid: 518152b521edf2f48bb286c95229adca, type: 3}
  m_Name: 
  m_EditorClassIdentifier: 
  cityWidth: 150
  blockWidth: 15
  deviation: .300000012
  blockHeight: 60
  heightDeviation: .5
  streetWidth: 30
  streetDeviation: .200000003
  alleyWidth: 50
  alleyDeviation: .899999976
  maxBuildings: 1000
  startDistance: 50
  buildingPrefab: {fileID: 100002, guid: 44b5455811cfe0f4c8fb94539e866c3a, type: 2}
--- !u!4 &395107299
Transform:
  m_ObjectHideFlags: 0
  m_PrefabParentObject: {fileID: 400000, guid: af43a6f15dd416d41affd01d760fe787, type: 2}
  m_PrefabInternal: {fileID: 367480556}
  m_GameObject: {fileID: 395107297}
  m_LocalRotation: {x: 0, y: 0, z: 0, w: 1}
  m_LocalPosition: {x: 0, y: 0, z: 0}
  m_LocalScale: {x: 1, y: 1, z: 1}
  m_Children: []
  m_Father: {fileID: 0}
  m_RootOrder: 4
--- !u!1001 &423444329
Prefab:
  m_ObjectHideFlags: 0
  serializedVersion: 2
  m_Modification:
    m_TransformParent: {fileID: 0}
    m_Modifications:
    - target: {fileID: 400000, guid: 59b2764982a77764b90f86f1ca00dd98, type: 2}
      propertyPath: m_LocalPosition.x
      value: .949999988
      objectReference: {fileID: 0}
    - target: {fileID: 400000, guid: 59b2764982a77764b90f86f1ca00dd98, type: 2}
      propertyPath: m_LocalPosition.y
      value: .0700000003
      objectReference: {fileID: 0}
    - target: {fileID: 400000, guid: 59b2764982a77764b90f86f1ca00dd98, type: 2}
      propertyPath: m_LocalPosition.z
      value: -11.6809158
      objectReference: {fileID: 0}
    - target: {fileID: 400000, guid: 59b2764982a77764b90f86f1ca00dd98, type: 2}
      propertyPath: m_LocalRotation.x
      value: 0
      objectReference: {fileID: 0}
    - target: {fileID: 400000, guid: 59b2764982a77764b90f86f1ca00dd98, type: 2}
      propertyPath: m_LocalRotation.y
      value: 0
      objectReference: {fileID: 0}
    - target: {fileID: 400000, guid: 59b2764982a77764b90f86f1ca00dd98, type: 2}
      propertyPath: m_LocalRotation.z
      value: 0
      objectReference: {fileID: 0}
    - target: {fileID: 400000, guid: 59b2764982a77764b90f86f1ca00dd98, type: 2}
      propertyPath: m_LocalRotation.w
      value: 1
      objectReference: {fileID: 0}
    m_RemovedComponents: []
  m_ParentPrefab: {fileID: 100100000, guid: 59b2764982a77764b90f86f1ca00dd98, type: 2}
  m_RootGameObject: {fileID: 1223253897}
  m_IsPrefabParent: 0
--- !u!1 &610659621
GameObject:
  m_ObjectHideFlags: 0
  m_PrefabParentObject: {fileID: 0}
  m_PrefabInternal: {fileID: 0}
  serializedVersion: 4
  m_Component:
  - 4: {fileID: 610659626}
  - 20: {fileID: 610659625}
  - 92: {fileID: 610659624}
  - 124: {fileID: 610659623}
  - 81: {fileID: 610659622}
  - 114: {fileID: 610659627}
  m_Layer: 0
  m_Name: Main Camera
  m_TagString: MainCamera
  m_Icon: {fileID: 0}
  m_NavMeshLayer: 0
  m_StaticEditorFlags: 0
  m_IsActive: 1
--- !u!81 &610659622
AudioListener:
  m_ObjectHideFlags: 0
  m_PrefabParentObject: {fileID: 0}
  m_PrefabInternal: {fileID: 0}
  m_GameObject: {fileID: 610659621}
  m_Enabled: 1
--- !u!124 &610659623
Behaviour:
  m_ObjectHideFlags: 0
  m_PrefabParentObject: {fileID: 0}
  m_PrefabInternal: {fileID: 0}
  m_GameObject: {fileID: 610659621}
  m_Enabled: 1
--- !u!92 &610659624
Behaviour:
  m_ObjectHideFlags: 0
  m_PrefabParentObject: {fileID: 0}
  m_PrefabInternal: {fileID: 0}
  m_GameObject: {fileID: 610659621}
  m_Enabled: 1
--- !u!20 &610659625
Camera:
  m_ObjectHideFlags: 0
  m_PrefabParentObject: {fileID: 0}
  m_PrefabInternal: {fileID: 0}
  m_GameObject: {fileID: 610659621}
  m_Enabled: 1
  serializedVersion: 2
  m_ClearFlags: 1
  m_BackGroundColor: {r: .192156866, g: .301960796, b: .474509805, a: .0196078438}
  m_NormalizedViewPortRect:
    serializedVersion: 2
    x: 0
    y: 0
    width: 1
    height: 1
  near clip plane: .300000012
  far clip plane: 100000
  field of view: 60
  orthographic: 0
  orthographic size: 5
  m_Depth: -1
  m_CullingMask:
    serializedVersion: 2
    m_Bits: 4294967295
  m_RenderingPath: -1
  m_TargetTexture: {fileID: 0}
  m_TargetDisplay: 0
  m_HDR: 0
  m_OcclusionCulling: 0
  m_StereoConvergence: 10
  m_StereoSeparation: .0219999999
--- !u!4 &610659626
Transform:
  m_ObjectHideFlags: 0
  m_PrefabParentObject: {fileID: 0}
  m_PrefabInternal: {fileID: 0}
  m_GameObject: {fileID: 610659621}
  m_LocalRotation: {x: 0, y: 0, z: 0, w: 1}
  m_LocalPosition: {x: 0, y: 5, z: -10}
  m_LocalScale: {x: 1, y: 1, z: 1}
  m_Children: []
  m_Father: {fileID: 0}
  m_RootOrder: 6
--- !u!114 &610659627
MonoBehaviour:
  m_ObjectHideFlags: 0
  m_PrefabParentObject: {fileID: 0}
  m_PrefabInternal: {fileID: 0}
  m_GameObject: {fileID: 610659621}
  m_Enabled: 1
  m_EditorHideFlags: 0
  m_Script: {fileID: 11500000, guid: fbfdc1fa423ebed4996270b46ee8a204, type: 3}
  m_Name: 
  m_EditorClassIdentifier: 
  target: {fileID: 826733757}
  depthDistance: 10
  rate: 10
  height: 1
  levelWidth: 10
  levelHeight: 10
--- !u!1 &669152679
GameObject:
  m_ObjectHideFlags: 0
  m_PrefabParentObject: {fileID: 100026, guid: f1a4537b665c6844d95feb305cccce7d, type: 2}
  m_PrefabInternal: {fileID: 316982167}
  serializedVersion: 4
  m_Component:
  - 4: {fileID: 669152680}
  m_Layer: 0
  m_Name: BotBackwardConnectorType
  m_TagString: Untagged
  m_Icon: {fileID: 0}
  m_NavMeshLayer: 0
  m_StaticEditorFlags: 0
  m_IsActive: 1
--- !u!4 &669152680
Transform:
  m_ObjectHideFlags: 0
  m_PrefabParentObject: {fileID: 400018, guid: f1a4537b665c6844d95feb305cccce7d, type: 2}
  m_PrefabInternal: {fileID: 316982167}
  m_GameObject: {fileID: 669152679}
  m_LocalRotation: {x: .116939314, y: -3.55176496e-07, z: 6.97015139e-08, w: .993139088}
  m_LocalPosition: {x: -0, y: .645608604, z: 1.49012003e-08}
  m_LocalScale: {x: 1, y: 1, z: 1}
  m_Children: []
  m_Father: {fileID: 1208903673}
  m_RootOrder: 0
--- !u!1 &690843778
GameObject:
  m_ObjectHideFlags: 0
  m_PrefabParentObject: {fileID: 100002, guid: f1a4537b665c6844d95feb305cccce7d, type: 2}
  m_PrefabInternal: {fileID: 316982167}
  serializedVersion: 4
  m_Component:
  - 4: {fileID: 690843779}
  m_Layer: 0
  m_Name: TopForwardConnectorType
  m_TagString: Untagged
  m_Icon: {fileID: 0}
  m_NavMeshLayer: 0
  m_StaticEditorFlags: 0
  m_IsActive: 1
--- !u!4 &690843779
Transform:
  m_ObjectHideFlags: 0
  m_PrefabParentObject: {fileID: 400002, guid: f1a4537b665c6844d95feb305cccce7d, type: 2}
  m_PrefabInternal: {fileID: 316982167}
  m_GameObject: {fileID: 690843778}
  m_LocalRotation: {x: .772251666, y: 1.95166479e-08, z: -2.37232243e-08, w: .635316849}
  m_LocalPosition: {x: -0, y: .598019183, z: 0}
  m_LocalScale: {x: 1, y: 1, z: .999999821}
  m_Children: []
  m_Father: {fileID: 965893742}
  m_RootOrder: 1
--- !u!1 &733636459
GameObject:
  m_ObjectHideFlags: 0
  m_PrefabParentObject: {fileID: 100032, guid: f1a4537b665c6844d95feb305cccce7d, type: 2}
  m_PrefabInternal: {fileID: 316982167}
  serializedVersion: 4
  m_Component:
  - 4: {fileID: 733636460}
  - 33: {fileID: 733636464}
  - 23: {fileID: 733636463}
  - 95: {fileID: 733636462}
  - 64: {fileID: 733636461}
  m_Layer: 0
  m_Name: shipbones
  m_TagString: Untagged
  m_Icon: {fileID: 0}
  m_NavMeshLayer: 0
  m_StaticEditorFlags: 0
  m_IsActive: 1
--- !u!4 &733636460
Transform:
  m_ObjectHideFlags: 0
  m_PrefabParentObject: {fileID: 400032, guid: f1a4537b665c6844d95feb305cccce7d, type: 2}
  m_PrefabInternal: {fileID: 316982167}
  m_GameObject: {fileID: 733636459}
  m_LocalRotation: {x: -.707106829, y: 0, z: 0, w: .707106829}
  m_LocalPosition: {x: -.101581573, y: .217822328, z: -3.08471036}
  m_LocalScale: {x: 1, y: 1, z: 1}
  m_Children:
  - {fileID: 1361160204}
  m_Father: {fileID: 826733757}
  m_RootOrder: 0
--- !u!64 &733636461
MeshCollider:
  m_ObjectHideFlags: 0
  m_PrefabParentObject: {fileID: 6400000, guid: f1a4537b665c6844d95feb305cccce7d,
    type: 2}
  m_PrefabInternal: {fileID: 316982167}
  m_GameObject: {fileID: 733636459}
  m_Material: {fileID: 0}
  m_IsTrigger: 0
  m_Enabled: 1
  serializedVersion: 2
  m_Convex: 1
  m_Mesh: {fileID: 4300000, guid: b6ee4ac52ed0cdf4b9b243020ca23126, type: 3}
--- !u!95 &733636462
Animator:
  serializedVersion: 3
  m_ObjectHideFlags: 0
  m_PrefabParentObject: {fileID: 9500000, guid: f1a4537b665c6844d95feb305cccce7d,
    type: 2}
  m_PrefabInternal: {fileID: 316982167}
  m_GameObject: {fileID: 733636459}
  m_Enabled: 1
  m_Avatar: {fileID: 9000000, guid: b6ee4ac52ed0cdf4b9b243020ca23126, type: 3}
  m_Controller: {fileID: 0}
  m_CullingMode: 0
  m_UpdateMode: 0
  m_ApplyRootMotion: 1
  m_LinearVelocityBlending: 0
  m_WarningMessage: 
  m_HasTransformHierarchy: 1
  m_AllowConstantClipSamplingOptimization: 1
--- !u!23 &733636463
MeshRenderer:
  m_ObjectHideFlags: 0
  m_PrefabParentObject: {fileID: 2300000, guid: f1a4537b665c6844d95feb305cccce7d,
    type: 2}
  m_PrefabInternal: {fileID: 316982167}
  m_GameObject: {fileID: 733636459}
  m_Enabled: 1
  m_CastShadows: 1
  m_ReceiveShadows: 1
  m_Materials:
  - {fileID: 2100000, guid: 5813f4dbc451b8f4b890f959d7507379, type: 2}
  m_SubsetIndices: 
  m_StaticBatchRoot: {fileID: 0}
  m_UseLightProbes: 0
  m_ReflectionProbeUsage: 1
  m_ProbeAnchor: {fileID: 0}
  m_ScaleInLightmap: 1
  m_PreserveUVs: 0
  m_ImportantGI: 0
  m_AutoUVMaxDistance: .5
  m_AutoUVMaxAngle: 89
  m_LightmapParameters: {fileID: 0}
  m_SortingLayerID: 0
  m_SortingOrder: 0
--- !u!33 &733636464
MeshFilter:
  m_ObjectHideFlags: 0
  m_PrefabParentObject: {fileID: 3300000, guid: f1a4537b665c6844d95feb305cccce7d,
    type: 2}
  m_PrefabInternal: {fileID: 316982167}
  m_GameObject: {fileID: 733636459}
  m_Mesh: {fileID: 4300000, guid: b6ee4ac52ed0cdf4b9b243020ca23126, type: 3}
--- !u!1 &799943512
GameObject:
  m_ObjectHideFlags: 0
  m_PrefabParentObject: {fileID: 100012, guid: f1a4537b665c6844d95feb305cccce7d, type: 2}
  m_PrefabInternal: {fileID: 316982167}
  serializedVersion: 4
  m_Component:
  - 4: {fileID: 799943513}
  m_Layer: 0
  m_Name: RightCenter
  m_TagString: Untagged
  m_Icon: {fileID: 0}
  m_NavMeshLayer: 0
  m_StaticEditorFlags: 0
  m_IsActive: 1
--- !u!4 &799943513
Transform:
  m_ObjectHideFlags: 0
  m_PrefabParentObject: {fileID: 400022, guid: f1a4537b665c6844d95feb305cccce7d, type: 2}
  m_PrefabInternal: {fileID: 316982167}
  m_GameObject: {fileID: 799943512}
  m_LocalRotation: {x: -.0827710778, y: .0827711299, z: -.702245712, w: .702245593}
  m_LocalPosition: {x: -0, y: 0, z: 0}
  m_LocalScale: {x: 1, y: 1, z: 1}
  m_Children:
  - {fileID: 1554562849}
  - {fileID: 1011261004}
  m_Father: {fileID: 1361160204}
  m_RootOrder: 3
--- !u!4 &826733757
Transform:
  m_ObjectHideFlags: 0
  m_PrefabParentObject: {fileID: 400000, guid: f1a4537b665c6844d95feb305cccce7d, type: 2}
  m_PrefabInternal: {fileID: 316982167}
  m_GameObject: {fileID: 1337720852}
  m_LocalRotation: {x: 0, y: -0, z: -0, w: 1}
  m_LocalPosition: {x: 1.95000005, y: 2.4000001, z: 3.07999992}
  m_LocalScale: {x: 1, y: 1, z: 1}
  m_Children:
  - {fileID: 733636460}
  m_Father: {fileID: 0}
  m_RootOrder: 8
--- !u!1 &965893741
GameObject:
  m_ObjectHideFlags: 0
  m_PrefabParentObject: {fileID: 100006, guid: f1a4537b665c6844d95feb305cccce7d, type: 2}
  m_PrefabInternal: {fileID: 316982167}
  serializedVersion: 4
  m_Component:
  - 4: {fileID: 965893742}
  m_Layer: 0
  m_Name: TopCenter
  m_TagString: Untagged
  m_Icon: {fileID: 0}
  m_NavMeshLayer: 0
  m_StaticEditorFlags: 0
  m_IsActive: 1
--- !u!4 &965893742
Transform:
  m_ObjectHideFlags: 0
  m_PrefabParentObject: {fileID: 400020, guid: f1a4537b665c6844d95feb305cccce7d, type: 2}
  m_PrefabInternal: {fileID: 316982167}
  m_GameObject: {fileID: 965893741}
  m_LocalRotation: {x: -.0968275741, y: -3.05751833e-08, z: 2.9745062e-09, w: .995301187}
  m_LocalPosition: {x: -0, y: 0, z: 0}
  m_LocalScale: {x: 1, y: 1, z: 1}
  m_Children:
  - {fileID: 163162507}
  - {fileID: 690843779}
  m_Father: {fileID: 1361160204}
  m_RootOrder: 4
--- !u!1 &1011261003
GameObject:
  m_ObjectHideFlags: 0
  m_PrefabParentObject: {fileID: 100008, guid: f1a4537b665c6844d95feb305cccce7d, type: 2}
  m_PrefabInternal: {fileID: 316982167}
  serializedVersion: 4
  m_Component:
  - 4: {fileID: 1011261004}
  m_Layer: 0
  m_Name: RightForwardConnectorType
  m_TagString: Untagged
  m_Icon: {fileID: 0}
  m_NavMeshLayer: 0
  m_StaticEditorFlags: 0
  m_IsActive: 1
--- !u!4 &1011261004
Transform:
  m_ObjectHideFlags: 0
  m_PrefabParentObject: {fileID: 400006, guid: f1a4537b665c6844d95feb305cccce7d, type: 2}
  m_PrefabInternal: {fileID: 316982167}
  m_GameObject: {fileID: 1011261003}
  m_LocalRotation: {x: .781563282, y: -2.13267276e-06, z: -2.67089922e-06, w: .623825967}
  m_LocalPosition: {x: -0, y: .630966723, z: 0}
  m_LocalScale: {x: 1, y: .99999994, z: .99999994}
  m_Children: []
  m_Father: {fileID: 799943513}
  m_RootOrder: 1
--- !u!1 &1042192849
GameObject:
  m_ObjectHideFlags: 0
  m_PrefabParentObject: {fileID: 100014, guid: f1a4537b665c6844d95feb305cccce7d, type: 2}
  m_PrefabInternal: {fileID: 316982167}
  serializedVersion: 4
  m_Component:
  - 4: {fileID: 1042192850}
  m_Layer: 0
  m_Name: ForwardConnectorType
  m_TagString: Untagged
  m_Icon: {fileID: 0}
  m_NavMeshLayer: 0
  m_StaticEditorFlags: 0
  m_IsActive: 1
--- !u!4 &1042192850
Transform:
  m_ObjectHideFlags: 0
  m_PrefabParentObject: {fileID: 400010, guid: f1a4537b665c6844d95feb305cccce7d, type: 2}
  m_PrefabInternal: {fileID: 316982167}
  m_GameObject: {fileID: 1042192849}
  m_LocalRotation: {x: 3.77489506e-08, y: -4.19098291e-24, z: -1.11022501e-16, w: 1}
  m_LocalPosition: {x: -0, y: 1, z: 0}
  m_LocalScale: {x: 1, y: 1, z: 1}
  m_Children: []
  m_Father: {fileID: 373510899}
  m_RootOrder: 0
--- !u!1 &1097590804
GameObject:
  m_ObjectHideFlags: 0
  m_PrefabParentObject: {fileID: 100022, guid: f1a4537b665c6844d95feb305cccce7d, type: 2}
  m_PrefabInternal: {fileID: 316982167}
  serializedVersion: 4
  m_Component:
  - 4: {fileID: 1097590805}
  m_Layer: 0
  m_Name: LeftCenter
  m_TagString: Untagged
  m_Icon: {fileID: 0}
  m_NavMeshLayer: 0
  m_StaticEditorFlags: 0
  m_IsActive: 1
--- !u!4 &1097590805
Transform:
  m_ObjectHideFlags: 0
  m_PrefabParentObject: {fileID: 400026, guid: f1a4537b665c6844d95feb305cccce7d, type: 2}
  m_PrefabInternal: {fileID: 316982167}
  m_GameObject: {fileID: 1097590804}
  m_LocalRotation: {x: -.0982365683, y: -.0970459133, z: .696049571, w: .704589725}
  m_LocalPosition: {x: -0, y: 0, z: 0}
  m_LocalScale: {x: 1, y: 1.00000012, z: 1}
  m_Children:
  - {fileID: 1964041309}
  - {fileID: 1987116033}
  m_Father: {fileID: 1361160204}
  m_RootOrder: 1
--- !u!1 &1208903672
GameObject:
  m_ObjectHideFlags: 0
  m_PrefabParentObject: {fileID: 100028, guid: f1a4537b665c6844d95feb305cccce7d, type: 2}
  m_PrefabInternal: {fileID: 316982167}
  serializedVersion: 4
  m_Component:
  - 4: {fileID: 1208903673}
  m_Layer: 0
  m_Name: BottomCenter
  m_TagString: Untagged
  m_Icon: {fileID: 0}
  m_NavMeshLayer: 0
  m_StaticEditorFlags: 0
  m_IsActive: 1
--- !u!4 &1208903673
Transform:
  m_ObjectHideFlags: 0
  m_PrefabParentObject: {fileID: 400028, guid: f1a4537b665c6844d95feb305cccce7d, type: 2}
  m_PrefabInternal: {fileID: 316982167}
  m_GameObject: {fileID: 1208903672}
  m_LocalRotation: {x: .99343878, y: -5.45338246e-08, z: 4.73710401e-07, w: -.114365198}
  m_LocalPosition: {x: -0, y: 0, z: 0}
  m_LocalScale: {x: 1, y: 1, z: 1.00000405}
  m_Children:
  - {fileID: 669152680}
  - {fileID: 1730294507}
  m_Father: {fileID: 1361160204}
  m_RootOrder: 0
--- !u!1 &1223253897
GameObject:
  m_ObjectHideFlags: 0
  m_PrefabParentObject: {fileID: 100000, guid: 59b2764982a77764b90f86f1ca00dd98, type: 2}
  m_PrefabInternal: {fileID: 423444329}
  serializedVersion: 4
  m_Component:
  - 4: {fileID: 1223253900}
  - 132: {fileID: 1223253899}
  - 114: {fileID: 1223253898}
  m_Layer: 0
  m_Name: DistanceText
  m_TagString: Untagged
  m_Icon: {fileID: 0}
  m_NavMeshLayer: 0
  m_StaticEditorFlags: 0
  m_IsActive: 1
--- !u!114 &1223253898
MonoBehaviour:
  m_ObjectHideFlags: 0
  m_PrefabParentObject: {fileID: 11400000, guid: 59b2764982a77764b90f86f1ca00dd98,
    type: 2}
  m_PrefabInternal: {fileID: 423444329}
  m_GameObject: {fileID: 1223253897}
  m_Enabled: 1
  m_EditorHideFlags: 0
  m_Script: {fileID: 11500000, guid: 380cdf91f9d878b4a9ba67cd1267d880, type: 3}
  m_Name: 
  m_EditorClassIdentifier: 
--- !u!132 &1223253899
GUIText:
  m_ObjectHideFlags: 0
  m_PrefabParentObject: {fileID: 13200000, guid: 59b2764982a77764b90f86f1ca00dd98,
    type: 2}
  m_PrefabInternal: {fileID: 423444329}
  m_GameObject: {fileID: 1223253897}
  m_Enabled: 1
  serializedVersion: 3
  m_Text: 0 Spacepoints!
  m_Anchor: 8
  m_Alignment: 2
  m_PixelOffset: {x: 0, y: 0}
  m_LineSpacing: 1
  m_TabSize: 4
  m_Font: {fileID: 10102, guid: 0000000000000000e000000000000000, type: 0}
  m_Material: {fileID: 0}
  m_FontSize: 20
  m_FontStyle: 1
  m_Color:
    serializedVersion: 2
    rgba: 4294967295
  m_PixelCorrect: 1
  m_RichText: 0
--- !u!4 &1223253900
Transform:
  m_ObjectHideFlags: 0
  m_PrefabParentObject: {fileID: 400000, guid: 59b2764982a77764b90f86f1ca00dd98, type: 2}
  m_PrefabInternal: {fileID: 423444329}
  m_GameObject: {fileID: 1223253897}
  m_LocalRotation: {x: 0, y: 0, z: 0, w: 1}
  m_LocalPosition: {x: .949999988, y: .0700000003, z: -11.6809158}
  m_LocalScale: {x: 1, y: 1, z: 1}
  m_Children: []
  m_Father: {fileID: 0}
  m_RootOrder: 0
--- !u!1 &1274920166
GameObject:
  m_ObjectHideFlags: 0
  m_PrefabParentObject: {fileID: 0}
  m_PrefabInternal: {fileID: 0}
  serializedVersion: 4
  m_Component:
  - 4: {fileID: 1274920170}
  - 33: {fileID: 1274920169}
  - 23: {fileID: 1274920167}
  - 65: {fileID: 1274920168}
  - 54: {fileID: 1274920171}
  m_Layer: 8
  m_Name: Plane
  m_TagString: Untagged
  m_Icon: {fileID: 0}
  m_NavMeshLayer: 0
  m_StaticEditorFlags: 0
  m_IsActive: 1
--- !u!23 &1274920167
MeshRenderer:
  m_ObjectHideFlags: 0
  m_PrefabParentObject: {fileID: 0}
  m_PrefabInternal: {fileID: 0}
  m_GameObject: {fileID: 1274920166}
  m_Enabled: 1
  m_CastShadows: 1
  m_ReceiveShadows: 1
  m_Materials:
  - {fileID: 2100000, guid: 319af0806ac9b7a42ba279198eff47b5, type: 2}
  m_SubsetIndices: 
  m_StaticBatchRoot: {fileID: 0}
  m_UseLightProbes: 0
  m_ReflectionProbeUsage: 1
  m_ProbeAnchor: {fileID: 0}
  m_ScaleInLightmap: 1
  m_PreserveUVs: 0
  m_ImportantGI: 0
  m_AutoUVMaxDistance: .5
  m_AutoUVMaxAngle: 89
  m_LightmapParameters: {fileID: 0}
  m_SortingLayerID: 0
  m_SortingOrder: 0
--- !u!65 &1274920168
BoxCollider:
  m_ObjectHideFlags: 0
  m_PrefabParentObject: {fileID: 0}
  m_PrefabInternal: {fileID: 0}
  m_GameObject: {fileID: 1274920166}
  m_Material: {fileID: 0}
  m_IsTrigger: 0
  m_Enabled: 1
  serializedVersion: 2
  m_Size: {x: 10.000001, y: 2, z: 10}
  m_Center: {x: 0, y: 0, z: 0}
--- !u!33 &1274920169
MeshFilter:
  m_ObjectHideFlags: 0
  m_PrefabParentObject: {fileID: 0}
  m_PrefabInternal: {fileID: 0}
  m_GameObject: {fileID: 1274920166}
  m_Mesh: {fileID: 10209, guid: 0000000000000000e000000000000000, type: 0}
--- !u!4 &1274920170
Transform:
  m_ObjectHideFlags: 0
  m_PrefabParentObject: {fileID: 0}
  m_PrefabInternal: {fileID: 0}
  m_GameObject: {fileID: 1274920166}
  m_LocalRotation: {x: 0, y: 0, z: 0, w: 1}
  m_LocalPosition: {x: .179283381, y: 0, z: .723848343}
  m_LocalScale: {x: 467.454468, y: 1, z: 622.771362}
  m_Children: []
  m_Father: {fileID: 0}
  m_RootOrder: 7
--- !u!54 &1274920171
Rigidbody:
  m_ObjectHideFlags: 0
  m_PrefabParentObject: {fileID: 0}
  m_PrefabInternal: {fileID: 0}
  m_GameObject: {fileID: 1274920166}
  serializedVersion: 2
  m_Mass: 100
  m_Drag: 0
  m_AngularDrag: .0500000007
  m_UseGravity: 0
  m_IsKinematic: 1
  m_Interpolate: 0
  m_Constraints: 126
  m_CollisionDetection: 1
--- !u!1 &1337720852
GameObject:
  m_ObjectHideFlags: 0
  m_PrefabParentObject: {fileID: 100000, guid: f1a4537b665c6844d95feb305cccce7d, type: 2}
  m_PrefabInternal: {fileID: 316982167}
  serializedVersion: 4
  m_Component:
  - 4: {fileID: 826733757}
  - 114: {fileID: 1337720858}
  - 114: {fileID: 1337720857}
  - 114: {fileID: 1337720856}
  - 114: {fileID: 1337720855}
  - 54: {fileID: 1337720854}
  - 114: {fileID: 1337720853}
  m_Layer: 0
  m_Name: PlayerShip
  m_TagString: Player
  m_Icon: {fileID: 0}
  m_NavMeshLayer: 0
  m_StaticEditorFlags: 0
  m_IsActive: 1
--- !u!114 &1337720853
MonoBehaviour:
  m_ObjectHideFlags: 0
  m_PrefabParentObject: {fileID: 11400002, guid: f1a4537b665c6844d95feb305cccce7d,
    type: 2}
  m_PrefabInternal: {fileID: 316982167}
  m_GameObject: {fileID: 1337720852}
  m_Enabled: 1
  m_EditorHideFlags: 0
  m_Script: {fileID: 11500000, guid: eb9e34997f528b14e98e7a561bf61685, type: 3}
  m_Name: 
  m_EditorClassIdentifier: 
  maximumAttachSteps: 2
  offsetDistance: 2.5
  isCollector: 1
--- !u!54 &1337720854
Rigidbody:
  m_ObjectHideFlags: 0
  m_PrefabParentObject: {fileID: 5400000, guid: f1a4537b665c6844d95feb305cccce7d,
    type: 2}
  m_PrefabInternal: {fileID: 316982167}
  m_GameObject: {fileID: 1337720852}
  serializedVersion: 2
  m_Mass: 1
  m_Drag: 0
  m_AngularDrag: 0
  m_UseGravity: 0
  m_IsKinematic: 0
  m_Interpolate: 1
  m_Constraints: 112
  m_CollisionDetection: 0
--- !u!114 &1337720855
MonoBehaviour:
  m_ObjectHideFlags: 0
  m_PrefabParentObject: {fileID: 11400000, guid: f1a4537b665c6844d95feb305cccce7d,
    type: 2}
  m_PrefabInternal: {fileID: 316982167}
  m_GameObject: {fileID: 1337720852}
  m_Enabled: 1
  m_EditorHideFlags: 0
  m_Script: {fileID: 11500000, guid: f377eb858d15efd49a2c33047a45e07d, type: 3}
  m_Name: 
  m_EditorClassIdentifier: 
  splosions: {fileID: 19800000, guid: 189fe1062d1df0f40b21b64077cf268c, type: 2}
  asteroidBits: {fileID: 0}
  numberOfBits: 0
  startHealth: 5
  baseXplosionForce: 50
  baseXplosionRadius: 5
--- !u!114 &1337720856
MonoBehaviour:
  m_ObjectHideFlags: 0
  m_PrefabParentObject: {fileID: 11400004, guid: f1a4537b665c6844d95feb305cccce7d,
    type: 2}
  m_PrefabInternal: {fileID: 316982167}
  m_GameObject: {fileID: 1337720852}
  m_Enabled: 1
  m_EditorHideFlags: 0
  m_Script: {fileID: 11500000, guid: 929615b656fc80e46a83ef2a8431b79d, type: 3}
  m_Name: 
  m_EditorClassIdentifier: 
  lazors: {fileID: 100000, guid: 0ff7746d40ddce94c9bbf183113c0b0c, type: 2}
  forwardOffset: 0
  minSpeed: 100
  maxSpeed: 200
--- !u!114 &1337720857
MonoBehaviour:
  m_ObjectHideFlags: 0
  m_PrefabParentObject: {fileID: 11400008, guid: f1a4537b665c6844d95feb305cccce7d,
    type: 2}
  m_PrefabInternal: {fileID: 316982167}
  m_GameObject: {fileID: 1337720852}
  m_Enabled: 1
  m_EditorHideFlags: 0
  m_Script: {fileID: 11500000, guid: 9d091c29760a4dc49967338750fb6a1e, type: 3}
  m_Name: 
  m_EditorClassIdentifier: 
  moveSpeed: 12
  accelerationSpeed: 20
  bankTurnSpeed: 5
  hardSpeedMultiplier: 1.5
  barrelRollSpeed: 5
  rollPeriod: .75
  minimumDistance: 1
  maxBoost: 10
  rotateBackSpeed: 5
  levelWidth: 10
  levelHeight: 10
--- !u!114 &1337720858
MonoBehaviour:
  m_ObjectHideFlags: 0
  m_PrefabParentObject: {fileID: 11400006, guid: f1a4537b665c6844d95feb305cccce7d,
    type: 2}
  m_PrefabInternal: {fileID: 316982167}
  m_GameObject: {fileID: 1337720852}
  m_Enabled: 1
  m_EditorHideFlags: 0
  m_Script: {fileID: 11500000, guid: 4afe16ee247369e49aed0107844a4463, type: 3}
  m_Name: 
  m_EditorClassIdentifier: 
  fireChargeTime: 1
  doublePressPeriod: .200000003
--- !u!1 &1361160203
GameObject:
  m_ObjectHideFlags: 0
  m_PrefabParentObject: {fileID: 100030, guid: f1a4537b665c6844d95feb305cccce7d, type: 2}
  m_PrefabInternal: {fileID: 316982167}
  serializedVersion: 4
  m_Component:
  - 4: {fileID: 1361160204}
  m_Layer: 0
  m_Name: ShipAttachBones
  m_TagString: Untagged
  m_Icon: {fileID: 0}
  m_NavMeshLayer: 0
  m_StaticEditorFlags: 0
  m_IsActive: 1
--- !u!4 &1361160204
Transform:
  m_ObjectHideFlags: 0
  m_PrefabParentObject: {fileID: 400030, guid: f1a4537b665c6844d95feb305cccce7d, type: 2}
  m_PrefabInternal: {fileID: 316982167}
  m_GameObject: {fileID: 1361160203}
  m_LocalRotation: {x: .707106769, y: -1.57009283e-16, z: -5.92693799e-24, w: .707106829}
  m_LocalPosition: {x: -0, y: .136602104, z: 0}
  m_LocalScale: {x: 1.95543098, y: 1.95543098, z: 1.95543098}
  m_Children:
  - {fileID: 1208903673}
  - {fileID: 1097590805}
  - {fileID: 373510899}
  - {fileID: 799943513}
  - {fileID: 965893742}
  m_Father: {fileID: 733636460}
  m_RootOrder: 0
--- !u!1 &1554562848
GameObject:
  m_ObjectHideFlags: 0
  m_PrefabParentObject: {fileID: 100010, guid: f1a4537b665c6844d95feb305cccce7d, type: 2}
  m_PrefabInternal: {fileID: 316982167}
  serializedVersion: 4
  m_Component:
  - 4: {fileID: 1554562849}
  m_Layer: 0
  m_Name: RightBackwardConnectorType
  m_TagString: Untagged
  m_Icon: {fileID: 0}
  m_NavMeshLayer: 0
  m_StaticEditorFlags: 0
  m_IsActive: 1
--- !u!4 &1554562849
Transform:
  m_ObjectHideFlags: 0
  m_PrefabParentObject: {fileID: 400008, guid: f1a4537b665c6844d95feb305cccce7d, type: 2}
  m_PrefabInternal: {fileID: 316982167}
  m_GameObject: {fileID: 1554562848}
  m_LocalRotation: {x: -.0943688452, y: -1.99085974e-08, z: 1.25624533e-09, w: .995537341}
  m_LocalPosition: {x: -0, y: .630966723, z: 0}
  m_LocalScale: {x: 1, y: 1, z: 1}
  m_Children: []
  m_Father: {fileID: 799943513}
  m_RootOrder: 0
--- !u!1 &1730294506
GameObject:
  m_ObjectHideFlags: 0
  m_PrefabParentObject: {fileID: 100024, guid: f1a4537b665c6844d95feb305cccce7d, type: 2}
  m_PrefabInternal: {fileID: 316982167}
  serializedVersion: 4
  m_Component:
  - 4: {fileID: 1730294507}
  m_Layer: 0
  m_Name: BotForwardConnectorType
  m_TagString: Untagged
  m_Icon: {fileID: 0}
  m_NavMeshLayer: 0
  m_StaticEditorFlags: 0
  m_IsActive: 1
--- !u!4 &1730294507
Transform:
  m_ObjectHideFlags: 0
  m_PrefabParentObject: {fileID: 400016, guid: f1a4537b665c6844d95feb305cccce7d, type: 2}
  m_PrefabInternal: {fileID: 316982167}
  m_GameObject: {fileID: 1730294506}
  m_LocalRotation: {x: -.783335686, y: -2.9640259e-07, z: -3.73525666e-07, w: .621598899}
  m_LocalPosition: {x: -0, y: .645608604, z: 1.49012003e-08}
  m_LocalScale: {x: 1, y: 1, z: 1}
  m_Children: []
  m_Father: {fileID: 1208903673}
  m_RootOrder: 1
--- !u!1 &1964041308
GameObject:
  m_ObjectHideFlags: 0
  m_PrefabParentObject: {fileID: 100020, guid: f1a4537b665c6844d95feb305cccce7d, type: 2}
  m_PrefabInternal: {fileID: 316982167}
  serializedVersion: 4
  m_Component:
  - 4: {fileID: 1964041309}
  m_Layer: 0
  m_Name: LeftBackwardConnectorType
  m_TagString: Untagged
  m_Icon: {fileID: 0}
  m_NavMeshLayer: 0
  m_StaticEditorFlags: 0
  m_IsActive: 1
--- !u!4 &1964041309
Transform:
  m_ObjectHideFlags: 0
  m_PrefabParentObject: {fileID: 400014, guid: f1a4537b665c6844d95feb305cccce7d, type: 2}
  m_PrefabInternal: {fileID: 316982167}
  m_GameObject: {fileID: 1964041308}
  m_LocalRotation: {x: .000196579247, y: -.0016665936, z: .00586501695, w: .999981403}
  m_LocalPosition: {x: -5.81223993e-11, y: .595590413, z: 0}
  m_LocalScale: {x: .99999994, y: 1.00000012, z: 1}
  m_Children: []
  m_Father: {fileID: 1097590805}
  m_RootOrder: 0
--- !u!1 &1987116032
GameObject:
  m_ObjectHideFlags: 0
  m_PrefabParentObject: {fileID: 100018, guid: f1a4537b665c6844d95feb305cccce7d, type: 2}
  m_PrefabInternal: {fileID: 316982167}
  serializedVersion: 4
  m_Component:
  - 4: {fileID: 1987116033}
  m_Layer: 0
  m_Name: LeftForwardConnectorType
  m_TagString: Untagged
  m_Icon: {fileID: 0}
  m_NavMeshLayer: 0
  m_StaticEditorFlags: 0
  m_IsActive: 1
--- !u!4 &1987116033
Transform:
  m_ObjectHideFlags: 0
  m_PrefabParentObject: {fileID: 400012, guid: f1a4537b665c6844d95feb305cccce7d, type: 2}
  m_PrefabInternal: {fileID: 316982167}
  m_GameObject: {fileID: 1987116032}
  m_LocalRotation: {x: .567683935, y: -.423559546, z: -.560803175, w: .428756446}
  m_LocalPosition: {x: -5.81223993e-11, y: .595590413, z: 0}
  m_LocalScale: {x: 1, y: .999999821, z: .99999994}
  m_Children: []
  m_Father: {fileID: 1097590805}
  m_RootOrder: 1
--- !u!1001 &2017951094
Prefab:
  m_ObjectHideFlags: 0
  serializedVersion: 2
  m_Modification:
    m_TransformParent: {fileID: 0}
    m_Modifications:
    - target: {fileID: 400000, guid: 1e901974f6994654caae5a9e64202989, type: 2}
      propertyPath: m_LocalPosition.x
      value: 0
      objectReference: {fileID: 0}
    - target: {fileID: 400000, guid: 1e901974f6994654caae5a9e64202989, type: 2}
      propertyPath: m_LocalPosition.y
      value: 0
      objectReference: {fileID: 0}
    - target: {fileID: 400000, guid: 1e901974f6994654caae5a9e64202989, type: 2}
      propertyPath: m_LocalPosition.z
      value: 0
      objectReference: {fileID: 0}
    - target: {fileID: 400000, guid: 1e901974f6994654caae5a9e64202989, type: 2}
      propertyPath: m_LocalRotation.x
      value: 0
      objectReference: {fileID: 0}
    - target: {fileID: 400000, guid: 1e901974f6994654caae5a9e64202989, type: 2}
      propertyPath: m_LocalRotation.y
      value: 0
      objectReference: {fileID: 0}
    - target: {fileID: 400000, guid: 1e901974f6994654caae5a9e64202989, type: 2}
      propertyPath: m_LocalRotation.z
      value: 0
      objectReference: {fileID: 0}
    - target: {fileID: 400000, guid: 1e901974f6994654caae5a9e64202989, type: 2}
      propertyPath: m_LocalRotation.w
      value: 1
      objectReference: {fileID: 0}
    m_RemovedComponents: []
  m_ParentPrefab: {fileID: 100100000, guid: 1e901974f6994654caae5a9e64202989, type: 2}
  m_RootGameObject: {fileID: 2071564477}
  m_IsPrefabParent: 0
--- !u!1 &2034961800
GameObject:
  m_ObjectHideFlags: 0
  m_PrefabParentObject: {fileID: 100000, guid: 8593ddf233e0bd94b975328c4bdcba04, type: 2}
  m_PrefabInternal: {fileID: 0}
  serializedVersion: 4
  m_Component:
  - 4: {fileID: 2034961803}
  - 132: {fileID: 2034961802}
  - 114: {fileID: 2034961801}
  m_Layer: 0
  m_Name: LivesText
  m_TagString: Untagged
  m_Icon: {fileID: 0}
  m_NavMeshLayer: 0
  m_StaticEditorFlags: 0
  m_IsActive: 1
--- !u!114 &2034961801
MonoBehaviour:
  m_ObjectHideFlags: 0
  m_PrefabParentObject: {fileID: 11400000, guid: 8593ddf233e0bd94b975328c4bdcba04,
    type: 2}
  m_PrefabInternal: {fileID: 0}
  m_GameObject: {fileID: 2034961800}
  m_Enabled: 1
  m_EditorHideFlags: 0
  m_Script: {fileID: 11500000, guid: 8806078c9e065c241acb99f5fb1be1dc, type: 3}
  m_Name: 
  m_EditorClassIdentifier: 
--- !u!132 &2034961802
GUIText:
  m_ObjectHideFlags: 0
  m_PrefabParentObject: {fileID: 13200000, guid: 8593ddf233e0bd94b975328c4bdcba04,
    type: 2}
  m_PrefabInternal: {fileID: 0}
  m_GameObject: {fileID: 2034961800}
  m_Enabled: 1
  serializedVersion: 3
  m_Text: Shields at 100%
  m_Anchor: 8
  m_Alignment: 2
  m_PixelOffset: {x: 0, y: 0}
  m_LineSpacing: 1
  m_TabSize: 4
  m_Font: {fileID: 10102, guid: 0000000000000000e000000000000000, type: 0}
  m_Material: {fileID: 0}
  m_FontSize: 20
  m_FontStyle: 1
  m_Color:
    serializedVersion: 2
    rgba: 4279041792
  m_PixelCorrect: 1
  m_RichText: 0
--- !u!4 &2034961803
Transform:
  m_ObjectHideFlags: 0
  m_PrefabParentObject: {fileID: 400000, guid: 8593ddf233e0bd94b975328c4bdcba04, type: 2}
  m_PrefabInternal: {fileID: 0}
  m_GameObject: {fileID: 2034961800}
  m_LocalRotation: {x: 0, y: 0, z: 0, w: 1}
  m_LocalPosition: {x: .624785304, y: .951749086, z: -11.6809158}
  m_LocalScale: {x: 1, y: 1, z: 1}
  m_Children: []
  m_Father: {fileID: 0}
  m_RootOrder: 3
--- !u!1 &2071564477
GameObject:
  m_ObjectHideFlags: 0
  m_PrefabParentObject: {fileID: 100000, guid: 1e901974f6994654caae5a9e64202989, type: 2}
  m_PrefabInternal: {fileID: 2017951094}
  serializedVersion: 4
  m_Component:
  - 4: {fileID: 2071564479}
  - 114: {fileID: 2071564478}
  m_Layer: 0
  m_Name: EnemyPlacer
  m_TagString: Untagged
  m_Icon: {fileID: 0}
  m_NavMeshLayer: 0
  m_StaticEditorFlags: 0
  m_IsActive: 1
--- !u!114 &2071564478
MonoBehaviour:
  m_ObjectHideFlags: 0
  m_PrefabParentObject: {fileID: 11400000, guid: 1e901974f6994654caae5a9e64202989,
    type: 2}
  m_PrefabInternal: {fileID: 2017951094}
  m_GameObject: {fileID: 2071564477}
  m_Enabled: 1
  m_EditorHideFlags: 0
  m_Script: {fileID: 11500000, guid: 92f07c573df837d499b6afeb87fc1318, type: 3}
  m_Name: 
  m_EditorClassIdentifier: 
  enemyPrefab: {fileID: 100022, guid: fe60c1c495ca7f045b1c2a2292942aa9, type: 2}
  forwardDistance: 100
  distanceDeviation: .400000006
  chanceOfSpawningPerSecond: .800000012
--- !u!4 &2071564479
Transform:
  m_ObjectHideFlags: 0
  m_PrefabParentObject: {fileID: 400000, guid: 1e901974f6994654caae5a9e64202989, type: 2}
  m_PrefabInternal: {fileID: 2017951094}
  m_GameObject: {fileID: 2071564477}
  m_LocalRotation: {x: 0, y: 0, z: 0, w: 1}
  m_LocalPosition: {x: 0, y: 0, z: 0}
  m_LocalScale: {x: 1, y: 1, z: 1}
  m_Children: []
  m_Father: {fileID: 0}
  m_RootOrder: 1
--- !u!1001 &2086961651
Prefab:
  m_ObjectHideFlags: 0
  serializedVersion: 2
  m_Modification:
    m_TransformParent: {fileID: 0}
    m_Modifications:
    - target: {fileID: 400000, guid: b99f01e96f1ab6a439d405bfcb18cc4e, type: 2}
      propertyPath: m_LocalPosition.x
      value: .949999988
      objectReference: {fileID: 0}
    - target: {fileID: 400000, guid: b99f01e96f1ab6a439d405bfcb18cc4e, type: 2}
      propertyPath: m_LocalPosition.y
      value: .0500000119
      objectReference: {fileID: 0}
    - target: {fileID: 400000, guid: b99f01e96f1ab6a439d405bfcb18cc4e, type: 2}
      propertyPath: m_LocalPosition.z
      value: -11.6809158
      objectReference: {fileID: 0}
    - target: {fileID: 400000, guid: b99f01e96f1ab6a439d405bfcb18cc4e, type: 2}
      propertyPath: m_LocalRotation.x
      value: 0
      objectReference: {fileID: 0}
    - target: {fileID: 400000, guid: b99f01e96f1ab6a439d405bfcb18cc4e, type: 2}
      propertyPath: m_LocalRotation.y
      value: 0
      objectReference: {fileID: 0}
    - target: {fileID: 400000, guid: b99f01e96f1ab6a439d405bfcb18cc4e, type: 2}
      propertyPath: m_LocalRotation.z
      value: 0
      objectReference: {fileID: 0}
    - target: {fileID: 400000, guid: b99f01e96f1ab6a439d405bfcb18cc4e, type: 2}
      propertyPath: m_LocalRotation.w
      value: 1
      objectReference: {fileID: 0}
    - target: {fileID: 100000, guid: b99f01e96f1ab6a439d405bfcb18cc4e, type: 2}
      propertyPath: m_Name
      value: ScoreText
      objectReference: {fileID: 0}
    - target: {fileID: 13200000, guid: b99f01e96f1ab6a439d405bfcb18cc4e, type: 2}
      propertyPath: m_Enabled
      value: 0
      objectReference: {fileID: 0}
    - target: {fileID: 11400000, guid: b99f01e96f1ab6a439d405bfcb18cc4e, type: 2}
      propertyPath: m_Enabled
      value: 0
      objectReference: {fileID: 0}
    - target: {fileID: 400000, guid: b99f01e96f1ab6a439d405bfcb18cc4e, type: 2}
      propertyPath: m_RootOrder
      value: 1
      objectReference: {fileID: 0}
    m_RemovedComponents: []
  m_ParentPrefab: {fileID: 100100000, guid: b99f01e96f1ab6a439d405bfcb18cc4e, type: 2}
  m_RootGameObject: {fileID: 185408774}
  m_IsPrefabParent: 0
